<?xml version="1.0" encoding="UTF-8"?><collection xmlns="http://www.loc.gov/MARC21/slim"><record><leader>00392nam--2200133-i-4500</leader><controlfield tag="001">000024009</controlfield><controlfield tag="002">20161230</controlfield><controlfield tag="005">20161230201035</controlfield><controlfield tag="008">060222s1000------------r-----000-0-eng-d</controlfield><datafield ind1=" " ind2=" " tag="080"><subfield code="a">621.391(082.2)</subfield></datafield><datafield ind1=" " ind2=" " tag="245"><subfield code="a">Waveform quantization and coding</subfield></datafield><datafield ind1=" " ind2=" " tag="260"><subfield code="a">New York, The Institute Of Electrical And Electronics Engineers, Inc., 1976, Vii + 611p</subfield></datafield><datafield ind1=" " ind2=" " tag="700"><subfield code="a">Jayant, Nuggehally S</subfield></datafield><datafield ind1=" " ind2=" " tag="852"><subfield code="a">48685</subfield></datafield></record></collection>